@misc{rnn-efectiveness,
  author = {Andrej Karpathy},
  title = {The Unreasonable Effectiveness of Recurrent Neural Networks},
  howpublished = "\url{https://karpathy.github.io/2015/05/21/rnn-effectiveness/}",
  year = {2015},
  note = "[Online; accessed November 12 2018]"
}

@book{goodfellow-et-al-2016,
    title={Deep Learning},
    author={Ian Goodfellow and Yoshua Bengio and Aaron Courville},
    publisher={MIT Press},
    note={\url{http://www.deeplearningbook.org}},
    year={2016}

}

@misc{rnn-lecture,
  author = {Andrej Karpathy},
  title = {CS231n Winter 2016 Lecture 10 Recurrent Neural Networks, Image Captioning, LSTM},
  howpublished = "\url{https://youtu.be/cO0a0QYmFm8}",
  year = {2016},
  note = "[Online; accessed November 12 2018]"
}

@article{siegelmann1995,
  title={Computation beyond the Turing limit},
  author={Siegelmann, Hava T},
  journal={Science},
  volume={268},
  number={5210},
  pages={545--548},
  year={1995},
  publisher={American Association for the Advancement of Science}
}

@misc{rnn-gist,
  author = {Andrej Karpathy},
  title = {Minimal character-level language model with a Vanilla Recurrent Neural Network},
  howpublished = "\url{https://gist.github.com/karpathy/d4dee566867f8291f086/}",
  year = {2015},
  note = "[Online; accessed November 12 2018]"
}